<record><leader>00000cas a2200000 a 4500</leader><controlfield tag="001">15217724</controlfield><controlfield tag="008">870220c19729999miudr ne      0    0eng c</controlfield><datafield ind1=" " ind2=" " tag="010"><subfield code="a">sn 96077452 </subfield></datafield><datafield ind1=" " ind2=" " tag="040"><subfield code="a">EYQ</subfield><subfield code="b">eng</subfield><subfield code="c">EYQ</subfield><subfield code="d">OCL</subfield><subfield code="d">MHN</subfield><subfield code="d">OCL</subfield><subfield code="d">OCLCQ</subfield><subfield code="d">MHN</subfield><subfield code="d">OCLCQ</subfield><subfield code="d">OCLCF</subfield></datafield><datafield ind1="1" ind2=" " tag="029"><subfield code="a">AU@</subfield><subfield code="b">000013023213</subfield></datafield><datafield ind1="1" ind2=" " tag="029"><subfield code="a">NZ1</subfield><subfield code="b">16076041</subfield></datafield><datafield ind1=" " ind2=" " tag="042"><subfield code="a">pcc</subfield></datafield><datafield ind1=" " ind2=" " tag="043"><subfield code="a">n-us-mi</subfield></datafield><datafield ind1="0" ind2="4" tag="245"><subfield code="a">The Oakland press.</subfield></datafield><datafield ind1="3" ind2=" " tag="246"><subfield code="a">Sunday Oakland press</subfield></datafield><datafield ind1=" " ind2=" " tag="260"><subfield code="a">Pontiac, Mich. :</subfield><subfield code="b">Oakland Press Co.</subfield></datafield><datafield ind1=" " ind2=" " tag="300"><subfield code="a">v. :</subfield><subfield code="b">ill. ;</subfield><subfield code="c">60 cm.</subfield></datafield><datafield ind1=" " ind2=" " tag="310"><subfield code="a">Daily,</subfield><subfield code="b">Sept. 17, 1978-</subfield></datafield><datafield ind1=" " ind2=" " tag="321"><subfield code="a">Daily (except Sun.),</subfield><subfield code="b">May 1, 1972-Sept. 16, 1978</subfield></datafield><datafield ind1="0" ind2=" " tag="362"><subfield code="a">Vol. 130, no. 73 (May 1, 1972)-</subfield></datafield><datafield ind1=" " ind2=" " tag="500"><subfield code="a">Sunday ed. called: Sunday Oakland press.</subfield></datafield><datafield ind1=" " ind2="0" tag="651"><subfield code="a">Pontiac (Mich.)</subfield><subfield code="v">Newspapers.</subfield></datafield><datafield ind1=" " ind2="0" tag="651"><subfield code="a">Oakland County (Mich.)</subfield><subfield code="v">Newspapers.</subfield></datafield><datafield ind1=" " ind2="7" tag="655"><subfield code="a">Newspapers.</subfield><subfield code="2">fast</subfield><subfield code="0">(OCoLC)fst01423814</subfield></datafield><datafield ind1=" " ind2="7" tag="651"><subfield code="a">Michigan</subfield><subfield code="z">Oakland County.</subfield><subfield code="2">fast</subfield><subfield code="0">(OCoLC)fst01214740</subfield></datafield><datafield ind1=" " ind2="7" tag="651"><subfield code="a">Michigan</subfield><subfield code="z">Pontiac.</subfield><subfield code="2">fast</subfield><subfield code="0">(OCoLC)fst01215398</subfield></datafield><datafield ind1=" " ind2=" " tag="752"><subfield code="a">United States</subfield><subfield code="b">Michigan</subfield><subfield code="c">Oakland</subfield><subfield code="d">Pontiac.</subfield></datafield><datafield ind1="0" ind2="0" tag="780"><subfield code="t">Pontiac press</subfield><subfield code="w">(DLC)sn 96077451</subfield><subfield code="w">(OCoLC)36161415</subfield></datafield></record>